<record><leader>00000cas a22000007a 4500</leader><controlfield tag="001">11828906</controlfield><controlfield tag="008">850320d19351936inuwr ne      0    0eng d</controlfield><datafield ind1=" " ind2=" " tag="010"><subfield code="a">sn 85047740 </subfield></datafield><datafield ind1=" " ind2=" " tag="040"><subfield code="a">NPI</subfield><subfield code="b">eng</subfield><subfield code="c">NPI</subfield><subfield code="d">OCLCQ</subfield></datafield><datafield ind1=" " ind2=" " tag="042"><subfield code="a">msc</subfield></datafield><datafield ind1="0" ind2="4" tag="245"><subfield code="a">The Switzerland County news.</subfield></datafield><datafield ind1=" " ind2=" " tag="260"><subfield code="a">Vevay, Ind. :</subfield><subfield code="b">Switzerland County Pub. Co.,</subfield><subfield code="c">1935-1936.</subfield></datafield><datafield ind1=" " ind2=" " tag="300"><subfield code="a">1 v. :</subfield><subfield code="b">ill.</subfield></datafield><datafield ind1=" " ind2=" " tag="310"><subfield code="a">Weekly</subfield></datafield><datafield ind1="0" ind2=" " tag="362"><subfield code="a">Vol. 1, no. 1 (June 6, 1935)-v. 2, no. 2 (June 11, 1936).</subfield></datafield><datafield ind1=" " ind2=" " tag="500"><subfield code="a">"Switzerland County's Democratic newspaper."</subfield></datafield><datafield ind1=" " ind2=" " tag="752"><subfield code="a">United States</subfield><subfield code="b">Indiana</subfield><subfield code="c">Switzerland</subfield><subfield code="d">Vevay.</subfield></datafield></record>